<?xml version="1.0" encoding="UTF-8"?><record xmlns="http://www.loc.gov/MARC21/slim" xmlns:cinclude="http://apache.org/cocoon/include/1.0" xmlns:zs="http://www.loc.gov/zing/srw/">
  <leader>00416nz  a2200121n  4500</leader>
  <controlfield tag="001">n  98069230 </controlfield>
  <controlfield tag="003">DLC</controlfield>
  <controlfield tag="005">19980803085855.0</controlfield>
  <controlfield tag="008">980803n| acannaab|          |n aaa |||  </controlfield>
  <datafield tag="010" ind1=" " ind2=" ">
    <subfield code="a">n  98069230 </subfield>
  </datafield>
  <datafield tag="040" ind1=" " ind2=" ">
    <subfield code="a">DLC</subfield>
    <subfield code="c">DLC</subfield>
  </datafield>
  <datafield tag="100" ind1="1" ind2="0">
    <subfield code="a">Smyth, Barry,</subfield>
    <subfield code="d">1970-</subfield>
  </datafield>
  <datafield tag="670" ind1=" " ind2=" ">
    <subfield code="a">Advances in case-based reasoning, c1998:</subfield>
    <subfield code="b">CIP t.p. (Barry Smyth) t.p. verso, etc. (Univ. College Dublin, Dept. of Computer Sci., Dublin, Ireland ; b. 03-21-70)</subfield>
  </datafield>
</record>